@misc{linuxstatistic,
 title={Linux statistics 2022 - market share, usage data and facts},
 url={https://www.enterpriseappstoday.com/stats/linux-statistics.html},
 journal={Enterprise Apps Today}, 
 author={Elad, Barry}, 
 year={2022}, 
 month={Jul}
}

@misc{cowrie,
author = {Michael Oosterhof},
title = {GitHub - cowrie/cowrie: Cowrie SSH/Telnet Honeypot https://cowrie.readthedocs.io},
howpublished = {\url{https://github.com/cowrie/cowrie}},
month = {},
year = {},
note = {(Accessed on 08/21/2023)}
}

@misc{weforum,
author = {World Economic Forum},
title = {Chapter 3. Digital Dependencies and Cyber Vulnerabilities - Global Risks Report 2022 | World Economic Forum},
howpublished = {\url{https://www.weforum.org/reports/global-risks-report-2022/in-full/chapter-3-digital-dependencies-and-cyber-vulnerabilities}},
month = {},
year = {},
note = {(Accessed on 08/02/2023)}
}

@misc{ransomwaremoney,
author = {Graph US},
title = {Who Makes Money from Ransomware? | Graphus},
howpublished = {\url{https://www.graphus.ai/blog/who-makes-money-from-ransomware/}},
month = {},
year = {},
note = {(Accessed on 08/02/2023)}
}

@article{shamsi2016attribution,
  title={Attribution in cyberspace: techniques and legal implications},
  author={Shamsi, Jawwad A and Zeadally, Sherali and Sheikh, Fareha and Flowers, Angelyn},
  journal={Security and Communication Networks},
  volume={9},
  number={15},
  pages={2886--2900},
  year={2016},
  publisher={Wiley Online Library}
}

@article{honeypot_spitzner,
  title={The honeynet project: Trapping the hackers},
  author={Spitzner, Lance},
  journal={IEEE Security \& Privacy},
  volume={1},
  number={2},
  pages={15--23},
  year={2003},
  publisher={IEEE}
}

@inproceedings{mcgrew_honeypot,
  title={Experiences with honeypot systems: Development, deployment, and analysis},
  author={McGrew, Robert},
  booktitle={Proceedings of the 39th Annual Hawaii International Conference on System Sciences (HICSS'06)},
  volume={9},
  pages={220a--220a},
  year={2006},
  organization={IEEE}
}

@misc{why_use_linux,
author = {Linode},
title = {The Advantages of Linux and Why You Should Use It | Linode Docs},
howpublished = {\url{https://www.linode.com/docs/guides/benefits-of-linux/}},
month = {},
year = {},
note = {(Accessed on 06/30/2023)}
}

@book{tevault2020mastering,
  title={Mastering Linux Security and Hardening: Protect your Linux systems from intruders, malware attacks, and other cyber threats},
  author={Tevault, Donald A},
  year={2020},
  publisher={Packt Publishing Ltd}
}

@online{checkpoint_research,
	title = {Checkpoint Point Research},
	url = {https://blog.checkpoint.com/2022/01/10/check-point-research-cyber-attacks-increased-50-year-over-year/},
	author = {{Checkpoint}},
	year = {2022},
}

@misc{yeap2021, 
    title={Council Post: Why Antivirus Signatures and next-gen malware detection aren’t enough},
    url={https://www.forbes.com/sites/forbestechcouncil/2021/09/03/why-antivirus-signatures-and-next-gen-malware-detection-arent-enough/?sh=5d5db4d86a9d},
    journal={Forbes},
    publisher={Forbes Magazine},
    author={Yeap, Yuen Pin},
    year={2021}, 
    month={Sep}
}

@misc{chakravarti, 
	title={Endpoint security: Why organizations need to move beyond signature-based detection},
	url={https://www.spiceworks.com/it-security/vulnerability-management/articles/endpoint-security-beyond-signature-based-detection/},
	journal={Spiceworks},
	author={Editor, Jayant Chakravarti Senior Assistant and Chakravarti, Jayant and Editor, Senior Assistant and 27, Last Updated: April and Jayant Chakravarti; Jayant is Senior Assistant Editor for Spiceworks News; Insights and handles feature stories},
	year={2022}, 
	month={Apr}
} 

@misc{newmaliciousfile,
author = {Kasperky},
title = {New malicious files discovered daily grow by 5.7\% to 380,000 in 2021 | Kaspersky},
howpublished = {\url{https://www.kaspersky.com/about/press-releases/2021_new-malicious-files-discovered-daily-grow-by-57-to-380000-in-2021}},
month = {},
year = {},
note = {(Accessed on 06/30/2023)}
}

@misc{techgenix,
author = {Twain, Taylor},
title = {Behavior-based security vs. signature-based security: How they differ},
howpublished = {\url{https://techgenix.com/behavior-based-security/}},
month = {},
year = {},
note = {(Accessed on 06/30/2023)}
}

@article{kim2021automatically,
  title={Automatically attributing mobile threat actors by vectorized ATT\&CK matrix and paired indicator},
  author={Kim, Kyoungmin and Shin, Youngsup and Lee, Justin and Lee, Kyungho},
  journal={Sensors},
  volume={21},
  number={19},
  pages={6522},
  year={2021},
  publisher={MDPI}
}

@article{fan2017enabling,
  title={Enabling an anatomic view to investigate honeypot systems: A survey},
  author={Fan, Wenjun and Du, Zhihui and Fern{\'a}ndez, David and Villagra, Victor A},
  journal={IEEE Systems Journal},
  volume={12},
  number={4},
  pages={3906--3919},
  year={2017},
  publisher={IEEE}
}

@book{lance_honeypot,
	title = {Honeypots: Tracking Hackers},
	publisher = {Addison-Wesley},
	author = {Lance Spitzner},
	year = {2003}
}

@inproceedings{djap_xb_pot,
  title={XB-Pot: Revealing Honeypot-based Attacker’s Behaviors},
  author={Djap, Ryandy and Lim, Charles and Silaen, Kalpin Erlangga and Yusuf, Andi},
  booktitle={2021 9th International Conference on Information and Communication Technology (ICoICT)},
  pages={550--555},
  year={2021},
  organization={IEEE}
}

@techreport{wheeler2003techniques,
  title={Techniques for cyber attack attribution},
  author={Wheeler, David A and Larsen, Gregory N},
  year={2003},
  institution={INSTITUTE FOR DEFENSE ANALYSES ALEXANDRIA VA}
}

@inproceedings{qiang2017framework,
  title={Framework of cyber attack attribution based on threat intelligence},
  author={Qiang, Li and Zeming, Yang and Baoxu, Liu and Zhengwei, Jiang and Jian, Yan},
  booktitle={Interoperability, Safety and Security in IoT: Second International Conference, InterIoT 2016 and Third International Conference, SaSeIoT 2016, Paris, France, October 26-27, 2016, Revised Selected Papers 2},
  pages={92--103},
  year={2017},
  organization={Springer}
}

@online{exabeam,
	title = {Cyber Attribution: Essential Component of Incident Response or Optional Extra},
	url = {https://www.exabeam.com/incident-response/cyber-attribution-essential-component-of-incident-response-or-optional-extra/},
	author = {Christopher Tannery},
	year = {2018},
}

@misc{cyberthreatdefinition,
	author = {NIST},
	title = {Cyber Threat - Glossary | CSRC},
	howpublished = {\url{https://csrc.nist.gov/glossary/term/Cyber_Threat}},
	month = {},
	year = {},
	note = {(Accessed on 06/30/2023)}
}
@article{gomaa2013survey,
  title={A survey of text similarity approaches},
  author={Gomaa, Wael H and Fahmy, Aly A and others},
  journal={international journal of Computer Applications},
  volume={68},
  number={13},
  pages={13--18},
  year={2013},
  publisher={Citeseer}
}

@inproceedings{rahutomo2012semantic,
  title={Semantic cosine similarity},
  author={Rahutomo, Faisal and Kitasuka, Teruaki and Aritsugi, Masayoshi},
  booktitle={The 7th international student conference on advanced science and technology ICAST},
  volume={4},
  number={1},
  pages={1},
  year={2012}
}

@inproceedings{hussain2021command,
  title={Command similarity measurement using nlp},
  author={Hussain, Zafar and Nurminen, Jukka K and Mikkonen, Tommi and Kowiel, Marcin},
  booktitle={10th Symposium on Languages, Applications and Technologies (SLATE 2021)},
  year={2021},
  organization={Schloss Dagstuhl-Leibniz-Zentrum f{\"u}r Informatik}
}

@inproceedings{jaafar2020demystifying,
  title={Demystifying the cyber attribution: An exploratory study},
  author={Jaafar, Fehmi and Avellaneda, Florent and Alikacem, El-Hackemi},
  booktitle={2020 IEEE Intl Conf on Dependable, Autonomic and Secure Computing, Intl Conf on Pervasive Intelligence and Computing, Intl Conf on Cloud and Big Data Computing, Intl Conf on Cyber Science and Technology Congress (DASC/PiCom/CBDCom/CyberSciTech)},
  pages={35--40},
  year={2020},
  organization={IEEE}
}

@article{shin2022focusing,
  title={Focusing on the Weakest Link: A Similarity Analysis on Phishing Campaigns Based on the ATT\&CK Matrix},
  author={Shin, Youngsup and Kim, Kyoungmin and Lee, Jemin Justin and Lee, Kyungho},
  journal={Security and Communication Networks},
  volume={2022},
  year={2022},
  publisher={Hindawi}
}

@article{noor2019machine,
  title={A machine learning-based FinTech cyber threat attribution framework using high-level indicators of compromise},
  author={Noor, Umara and Anwar, Zahid and Amjad, Tehmina and Choo, Kim-Kwang Raymond},
  journal={Future Generation Computer Systems},
  volume={96},
  pages={227--242},
  year={2019},
  publisher={Elsevier}
}

@inproceedings{shrivastava2019attack,
  title={Attack detection and forensics using honeypot in IoT environment},
  author={Shrivastava, Rajesh Kumar and Bashir, Bazila and Hota, Chittaranjan},
  booktitle={Distributed Computing and Internet Technology: 15th International Conference, ICDCIT 2019, Bhubaneswar, India, January 10--13, 2019, Proceedings 15},
  pages={402--409},
  year={2019},
  organization={Springer}
}

@article{kowsari2019text,
  title={Text classification algorithms: A survey},
  author={Kowsari, Kamran and Jafari Meimandi, Kiana and Heidarysafa, Mojtaba and Mendu, Sanjana and Barnes, Laura and Brown, Donald},
  journal={Information},
  volume={10},
  number={4},
  pages={150},
  year={2019},
  publisher={MDPI}
}

@inproceedings{andrew2022mapping,
  title={Mapping Linux Shell Commands to MITRE ATT\&CK using NLP-Based Approach},
  author={Andrew, Yevonnael and Lim, Charles and Budiarto, Eka},
  booktitle={2022 International Conference on Electrical Engineering and Informatics (ICELTICs)},
  pages={37--42},
  year={2022},
  organization={IEEE}
}

@inproceedings{cabral2019review,
  title={Review and analysis of cowrie artefacts and their potential to be used deceptively},
  author={Cabral, Warren and Valli, Craig and Sikos, Leslie and Wakeling, Samuel},
  booktitle={2019 International Conference on computational science and computational intelligence (CSCI)},
  pages={166--171},
  year={2019},
  organization={IEEE}
}

@article{pradhan2015review,
  title={A Review on Text Similarity Technique used in IR and its Application},
  author={Pradhan, Nitesh and Gyanchandani, Manasi and Wadhvani, Rajesh},
  journal={International Journal of Computer Applications},
  volume={120},
  number={9},
  pages={29--34},
  year={2015},
  publisher={Foundation of Computer Science}
}

@inproceedings{thesis,
  title={Similarity in Design: A Framework for Evaluation},
  author={Suhail Alsalehi},
  year={2019}
}

@article{iotpot,
  title={IoTPOT: Analysing the rise of IoT compromises},
  author={Pa, Yin Minn Pa and Suzuki, Shogo and Yoshioka, Katsunari and Matsumoto, Tsutomu and Kasama, Takahiro and Rossow, Christian},
  journal={Emu},
  volume={9},
  number={1},
  year={2015}
}

@inproceedings{boffa2022towards,
  title={Towards nlp-based processing of honeypot logs},
  author={Boffa, Matteo and Milan, Giulia and Vassio, Luca and Drago, Idilio and Mellia, Marco and Houidi, Zied Ben},
  booktitle={2022 IEEE European Symposium on Security and Privacy Workshops (EuroS\&PW)},
  pages={314--321},
  year={2022},
  organization={IEEE}
}

@article{chen2018approach,
  title={An approach to measuring semantic relatedness of geographic terminologies using a thesaurus and lexical database sources},
  author={Chen, Zugang and Song, Jia and Yang, Yaping},
  journal={ISPRS International Journal of Geo-Information},
  volume={7},
  number={3},
  pages={98},
  year={2018},
  publisher={MDPI}
}

@incollection{strom2018mitre,
  title={Mitre att\&ck: Design and philosophy},
  author={Strom, Blake E and Applebaum, Andy and Miller, Doug P and Nickels, Kathryn C and Pennington, Adam G and Thomas, Cody B},
  booktitle={Technical report},
  year={2018},
  publisher={The MITRE Corporation}
}

@inproceedings{zhao2018improvement,
  title={Improvement of the log pattern extracting algorithm using text similarity},
  author={Zhao, Yining and Wang, Xiaodong and Xiao, Haili and Chi, Xuebin},
  booktitle={2018 IEEE International Parallel and Distributed Processing Symposium Workshops (IPDPSW)},
  pages={507--514},
  year={2018},
  organization={IEEE}
}

@article{tatam2021review,
  title={A review of threat modelling approaches for APT-style attacks},
  author={Tatam, Matt and Shanmugam, Bharanidharan and Azam, Sami and Kannoorpatti, Krishnan},
  journal={Heliyon},
  volume={7},
  number={1},
  pages={e05969},
  year={2021},
  publisher={Elsevier}
}

@misc{knowledgegraphibm,
author = {IBM},
title = {What is a Knowledge Graph? | IBM},
howpublished = {\url{https://www.ibm.com/topics/knowledge-graph}},
month = {},
year = {},
note = {(Accessed on 08/21/2023)}
}

@misc{gdbusecaseneo4j,
author = {Neo4J},
title = {Top 10 Use Cases: Knowledge Graphs},
howpublished = {\url{https://neo4j.com/blog/top-10-use-cases-knowledge-graphs/}},
year = {2023},
note = {(Accessed on 08/21/2023)}
}

@misc{ontology,
author = {Graph Build},
title = {Ontology in Graph Models and Knowledge Graphs},
howpublished = {\url{https://graph.build/resources/ontology}},
month = {},
year = {},
note = {(Accessed on 08/21/2023)}
}

@article{kurniawan2022krystal,
  title={KRYSTAL: Knowledge graph-based framework for tactical attack discovery in audit data},
  author={Kurniawan, Kabul and Ekelhart, Andreas and Kiesling, Elmar and Quirchmayr, Gerald and Tjoa, A Min},
  journal={Computers \& Security},
  volume={121},
  pages={102828},
  year={2022},
  publisher={Elsevier}
}